 @misc{nfl, url={https://nflreadr.nflverse.com/articles/dictionary_player_stats.html}, journal={nflreadr.nflverse.com} }
 
 @article{rugby, title={Pacific Island rugby: Histories, mobilities, comparisons}, volume={3}, DOI={https://doi.org/10.1080/21640599.2014.982894}, number={3}, journal={Asia Pacific Journal of Sport and Social Science}, author={Besnier, Niko}, year={2014}, month={Sep}, pages={268â€“276} }